@misc{function, title={Math Insight}, url={https://mathinsight.org/definition/function}, journal={Function definition - Math Insight}} 

@misc{naor_2021, title={What is Front-End Development? Necessary Web Development Job Skills Explained.}, url={https://www.freecodecamp.org/news/what-is-front-end-development/}, journal={freeCodeCamp.org}, publisher={freeCodeCamp.org}, author={Naor, Adam}, year={2021}, month={Apr}} 

@misc{sonmez_2017, title={What Is Back-End Development?}, url={https://simpleprogrammer.com/what-is-back-end-development/}, author={Sonmez, John}, year={2017}, month={Oct}} 

@misc{personas, title={Personas}, url={http://d365-design.azurewebsites.net/CustomerModel/personas/index.html#:~:text=Personas define who you're designing your product for,the personas in the Microsoft Dynamics Customer Model.}, journal={Personas - Microsoft Dynamics Customer Model}} 

@misc{scientific, title={scientific calculator}, url={https://en.wiktionary.org/wiki/scientific_calculator}, journal={Wiktionary}}

@misc{calculator, title={Calculator}, url={https://www.merriam-webster.com/dictionary/calculator}, journal={Merriam-Webster}, publisher={Merriam-Webster}} 

@misc{discord, title={About Discord: Our Mission and Values}, url={https://discord.com/brand-new/company}, journal={Discord}} 

@misc{github, title={Build software better, together}, url={https://github.com/about}, journal={GitHub}} 

@misc{software, title={Software}, url={https://www.britannica.com/technology/software}, journal={Encyclopædia Britannica}, publisher={Encyclopædia Britannica, inc.}} 

@misc{ux, title={User experience}, url={https://en.wikipedia.org/wiki/User_experience}, journal={Wikipedia}, publisher={Wikimedia Foundation}, year={2021}, month={May}} 

@misc{ui, title={User interface}, url={https://en.wikipedia.org/wiki/User_interface}, journal={Wikipedia}, publisher={Wikimedia Foundation}, year={2021}, month={Jun}}

@misc{standard_deviation, title={Standard deviation: calculating step by step (article)}, url={https://www.khanacademy.org/math/statistics-probability/summarizing-quantitative-data/variance-standard-deviation-population/a/calculating-standard-deviation-step-by-step}, journal={Khan Academy}, publisher={Khan Academy}} 

@misc{sinh, url={https://www.mathsisfun.com/sets/function-hyperbolic.html}, journal={Hyperbolic Functions}} 

@misc{exponents, url={https://www.mathsisfun.com/exponent.html}, journal={Exponents}} 

@misc{e^x, title={Exponential Function}, url={https://mathworld.wolfram.com/ExponentialFunction.html}, journal={from Wolfram MathWorld}} 

@misc{arccos, title={Arccos(x) function}, url={https://www.rapidtables.com/math/trigonometry/arccos.html}, journal={Arccos(x) | inverse cosine function}} 

@misc{mad, title={Mean absolute deviation (MAD) review (article)}, url={https://www.khanacademy.org/math/statistics-probability/summarizing-quantitative-data/other-measures-of-spread/a/mean-absolute-deviation-mad-review}, journal={Khan Academy}, publisher={Khan Academy}} 


@misc{ln, title={Demystifying the Natural Logarithm (ln)}, url={https://betterexplained.com/articles/demystifying-the-natural-logarithm-ln/}, journal={BetterExplained}}

@misc{log, url={http://dl.uncw.edu/digilib/Mathematics/Algebra/mat111hb/EandL/logprop/logprop.html}, journal={Properties of Logarithms}, author={Brown, Jeff}} 

@misc{latex, title={An introduction to LaTeX}, url={https://www.latex-project.org/about/}}

@misc{typesetting, title={What is Typesetting? }, url={https://www.graphicdesigndegreehub.com/faq/what-is-typesetting/}}

@misc{webapp, title={Web Application}, url={https://techterms.com/definition/web_application}}

@misc{framework, title={Software Framework}, url={https://en.wikipedia.org/wiki/Software_framework}}

@misc{jquery, title={jQuery}, url={https://en.wikipedia.org/wiki/JQuery}}

@misc{usp, title={Unique Selling Point}, url={https://www.optimizely.com/optimization-glossary/unique-selling-point/}}

@misc{django, title={Django Web Framework}, url={https://en.wikipedia.org/wiki/Django_(web_framework)}}

@misc{vue.js, title={Vue.js}, url={https://en.wikipedia.org/wiki/Vue.js}}

@misc{stem, title={STEM}, url={https://en.wikipedia.org/wiki/Science,_technology,_engineering,_and_mathematics}}

@book{technical-debt, editor={Kevlin Henney}, year={2010}, title={97 Things Every Programmer Should Know}, publisher={O'Reilly}}

@book{uid-principles, author={Pankaj Kamthan}, title={User Interface Design Principles}}

@misc{sd-implementation, title={How to Do the Standard Deviation Shortcut (alternate) Formula}, url={https://www.youtube.com/watch?v=0iA8okfx-E8&t=199s}}

@misc{implementing-exp, title={Implementing the Exponential Function}, url={https://www.pseudorandom.com/implementing-exp}}

@book{handbook-math, author={M. Abramowitz and I. A. Stegun }, title={Handbook of mathematical functions}}

@misc{approx-for-digital, author={C. Hastings, Jr.}, title={Approximations for digital computers}, year={1955}, 
publisher={Princeton Univ. Press, Princeton, N.J.}, url={https://developer.download.nvidia.com/cg/acos.html}}